@BOOK{Smith:2012qr,
   title = {Chemistry},
   publisher = {Publisher},
   author = {Smith, J.~M. and Jones, A.~B.},
   year = {2012},
   edition = {7th},
}

@misc{NIST:NH3,
  title = {{NIST} Ammonia Thermochemistry Data},
  howpublished = {\url{http://webbook.nist.gov/cgi/cbook.cgi?ID=C7664417&Units=SI&Mask=1#Thermo-Gas}},
  note = {Accessed: 2015-04-17}
}

@online{NISTNH3,
  author = {NIST},
  title = {Ammonia Thermochemistry Data},
  year = 2015,
  url = {http://webbook.nist.gov/cgi/cbook.cgi?ID=C7664417&Units=SI&Mask=1#Thermo-Gas},
  urldate = {2015-04-17}
}

@online{Wiki,
  author = {Wiki},
  title = {{Wiki} Ammonia Thermochemistry Data},
  year = 2015,
  url = {http://en.wikipedia.org/wiki/Ammonia},
  urldate = {2015-04-17}
}
